@inproceedings{microecomm,
	author = {d},
	title = {Microservices Architecture for eCommerce},
	year = {2017},
}

@inbook{REA1,
	author = {},
	title = {The Economic Significance of the Express Package Industry},
	booktitle = {The Economic Significance of the Express Package Industry},
	year = {1953},
	publisher = {REA Publication},
	pages = {2},
}


@report{JRCEC,
	title = {The Economic Significance of the Express Package Industry},
	institution = {Jr. Center for the Workplace at Georgia State University},
	year = {June 2000},
}


@report{PRC,
	author = {},
	title = {The Parcel Service Industry in the U.S.: Its Size and Role in Commerce, Center for Human Resources},
	institution = {the Wharton School, University of Pennsylvania},
	year = {September 2000},
}

@inbook{REA1,
	author = {},
	title = {The Truth About Parcel Post},
	booktitle = {The Truth About Parcel Post},
	year = {1953},
	publisher = {REA Publication},
	pages = {2},
}

@online{sfmuseum,
	title        = {Gold in Califorina},
	organization = {Sf Museum},
	urldate      = {2020-01-24},
	url          = {https://www.sfmuseum.org/hist2/gold.html},
	keywords     = {untrusted},
}

@online{uspsManual,
	title        = {USPS Package Manuals},
	organization = {USPS},
	urldate      = {2020-01-24},
	url          = {www.pe.usps.gov/cpim/ftp/manuals/qsg/q011.pdf},
	keywords     = {untrusted},
}

@online{nalcManual,
	title        = {NALC Package Manuals},
	organization = {NALC},
	urldate      = {2020-01-24},
	url          = {www.nalc.org/depart/cau/pdf/manuals/pub542.pdf},
	keywords     = {untrusted},
}

@online{fedexHistory,
	title        = {Fedex Express History},
	organization = {Fedex},
	urldate      = {2020-01-24},
	url          = {www.fedex.com/us/about/express/history.html?link=4},
	keywords     = {untrusted},
}

@inbook{Stagcoach,
	author = {Philip L. Fradkin},
	title = {Wells Fargo and the American West},
	booktitle = {Wells Fargo and the American West},
	year = {2002},
	publisher = {Free Press, New York},
	pages = {11, 12, 14, 29, 31, 41, 42, 145},
}

@inbook{CLHI,
	author = {},
	title = {California Historical Society Quarterly},
	booktitle = {California Historical Society Quarterly},
	year = {December 1930},
	pages = {27},
}

@inbook{PHILPRJ,
	author = {Philip L. Fradkin},
	booktitle = {The Private Journal of Louis McLane U.S.N. 1844-1848},
	year = {2002},
	publisher = {Free Press, New York},
	pages = {xi},
	editor = {Jay Monaghan},
}

@book{microinaction,
author = {Morgan Bruce and Paulo A. Pereira},
title = {Microservices in Action },
year = {2019},
OPTpublisher = {MANNING},
}

@report{ecommproject,
author = {M. Nayeem Abdullah},
title = {E Commerce Web Platform Development},
type = {Project},
institution = {United International University},
year = {2017},
}

@online{wikiactivitydiagram,
	title        = {Activity diagram},
	author		 = {{Wikipedia contributors}},
	organization = {Wikipedia, The Free Encyclopedia.},
	date         = {2019},
	urldate      = {2020-02-06},
	url          = {https://en.wikipedia.org/w/index.php?title=Activity_diagram&oldid=925994534},
	keywords     = {untrusted},
}

@online{umldiagram,
title = {Unified Modeling Lanaguage},
url = {https://www.uml-diagrams.org},
}

@online{investmentbank,
	title        = {E-commerce in Ethiopia},
	organization = {Export Gov},
	urldate      = {2020-01-24},
	url          = {https://www.export.gov/article?id=Ethiopia-ECommerce},
	keywords     = {untrusted},
}

@online{investmentbank,
	title        = {E-commerce industry executive summary},
	organization = {Investment Bank},
	urldate      = {2020-01-24},
	url          = {https://investmentbank.com/e-commerce-industry-executive-summary/},
	keywords     = {untrusted},
}

@online{whtop,
	title        = {Top 10 hosting compaines in ethiopia},
	organization = {Whtop},
	urldate      = {2020-01-24},
	url          = {https://www.whtop.com/top.10-alexa-ranking/country-et},
	keywords     = {untrusted},
}

@online{capitalethiopia,
	title        = {Fast growing internet report in ethiopia},
	organization = {Capital Ethiopia},
	urldate      = {2020-01-24},
	url          = {ttps://www.capitalethiopia.com/capital/digital-2018-report-shows-fast-growing-internet-use-africa},
	keywords     = {untrusted},
}

@online{wikiecommerce,
	title        = {E-commerce},
	author		 = {{Wikipedia contributors}},
	organization = {Wikipedia, The Free Encyclopedia.},
	date         = {2020},
	urldate      = {2020-01-23},
	url          = {https://en.wikipedia.org/w/index.php?title=E-commerce&oldid=935096304},
	keywords     = {untrusted},
}

@online{wikiexpress,
	title        = {Courier},
	author		 = {{Wikipedia contributors}},
	organization = {Wikipedia, The Free Encyclopedia.},
	date         = {2020},
	urldate      = {2020-01-24},
	url          = {https://en.wikipedia.org/w/index.php?title=Courier&oldid=936662865},
	keywords     = {untrusted},
}

@online{Akr11,
	title        = {What is commerce? Meaning and importance of commerce},
	author		 = {{G. Akrani}},
	date         = {2020},
	urldate      = {2020-05-23},
	url          = {http://kalyan-city.blogspot.com/2011/03/what-is-commerce-meaning-and-importance.html},
	keywords     = {untrusted},
}

@report{Nem11,
	author = {R. Nemat},
	title = {Taking a look at different types of e-commerce},
	type = {World Applied Programming},
	institution = {Department of IT, Al-Azhar University},
	year = {2011},
}

@report{GWL11,
	author = {S. Guo, M. Wang and J. Leskovec},
	title = {The role of social networks in online shopping: information passing, price of trust, and customer choice},
	institution = {Stanford University},
	year = {2011},
}

@inproceedings{TNW01,
	author = {P. Tarasewich, R. C. Nickerson and M. Warkentin},
	title = {Wireless/mobile e-commerce technologies, applications, and issues.},
	booktitle = {Seventh Americas Conference on Information Systems},
	year = {2001},
}

@article{Ald10,
	author = {M. Aldrich},
	title = {E-commerce, e-business and online shopping},
	journaltitle = {Sussex Enterprise Magazine},
	year = {2010},
}

@inbook{Ald11,
	author = {M. Aldrich},
	title = {Online shopping in the 1980s},
	booktitle = {Annals of the History of Computing, October-December 2011 edition, volume 33, number 4, 	pages 57-61},
	year = {2011.},
}

@online{Ald09,
	title        = {Finding Mrs. Snowball},
	author		 = {{M. Aldrich}},
	organization = {Michael Aldrich Archive},
	date         = {2009},
	keywords     = {untrusted},
}

@report{BB05,
	author = {J. Barlow and M. Breeze},
	title = {Teleshopping for older and disabled people: an evaluation of two pilot trials},
	institution = {Joseph Rowntree Foundation},
	year = {2005},
}

@online{Off93,
	title        = {Office of Inspector of National Science Foundation. Review of NSFNET},
	urldate      = {2020-05-21},
	url          = {http://www.nsf.gov/pubs/stis1993/oig9301/oig9301.txt},
	keywords     = {untrusted},
}

@report{KRSS12,
	author = {S. Koulayev, M. Rysman, S. Schuh and J. Stavins},
	title = {Explaining adoption and use of payment instruments by U.S. consumers},
	institution = {Harvard University},
	year = {2007},
}

@online{eMa613,
	title        = {B2C ecommerce climbs worldwide, as emerging markets drives sales higher},
	organization = {eMarketer},
	urldate      = {2020-05-23},
	url          = {http://www.emarketer.com/Article/B2C-Ecommerce-Climbs-Worldwide-Emerging-Markets-Drive-Sales-Higher/1010004},
	keywords     = {untrusted},
}

@online{eMa413,
	title        = {Retail ecommerce set to keep a strong pace through 2017},
	organization = {eMarketer},
	urldate      = {2020-05-23},
	url          = {http://www.emarketer.com/Article/Retail-Ecommerce-Set-Keep-Strong-Pace-Through-2017/1009836},
	keywords     = {untrusted},
}

@article{MERJ13,
	author = {S. Mulpuru, P. F. Evans, D. Roberge and M. Johnson},
	title = {US mobile retail forecast, 2012 to 2017},
	journaltitle = {Forrester},
	year = {2013},
}

@online{eMa113,
	title        = {Record retail sales on smartphones, tablets take greater ecommerce},
	organization = {eMarketer},
	urldate      = {2020-05-23},
	url          = {http://www.emarketer.com/Article/Record-Retail-Sales-on-Smartphones-Tablets-Take-Greater-Ecommerce-Share/1009595},
	keywords     = {untrusted},
}

@online{Bas12,
	title        = {The client-side templating throwdown: mustache, handlebars, dust.js and more},
	author 		 = {V. Basavaraj},
	urldate      = {2020-05-23},
	url          = {http://engineering.linkedin.com/frontend/client-side-templating-throwdown-mustache-handlebars-dustjs-and-more},
	keywords     = {untrusted},
}